<?xml version="1.0" encoding="UTF-8"?><collection xmlns="http://www.loc.gov/MARC21/slim"><record><leader>00318nam--2200121-i-4500</leader><controlfield tag="001">000001936</controlfield><controlfield tag="002">20161230</controlfield><controlfield tag="005">20161230201024</controlfield><controlfield tag="008">060222s1000------------r-----000-0-eng-d</controlfield><datafield ind1=" " ind2=" " tag="100"><subfield code="a">Glassner, Alvin</subfield></datafield><datafield ind1=" " ind2=" " tag="245"><subfield code="a">Introduction to nuclear science</subfield></datafield><datafield ind1=" " ind2=" " tag="260"><subfield code="a">New Yrok, D.Van Nostrand Co, Inc., 1961. X + 213 P</subfield></datafield><datafield ind1=" " ind2=" " tag="852"><subfield code="a">16746</subfield></datafield></record></collection>